% refs for esrel paper

@BOOK{2000:rios,
  title = {Robust {B}ayesian Analysis},
  publisher = {Springer},
  year = {2000},
  editor = {R\'{\i}os Insua, D. and Ruggeri, F.}
}

@INCOLLECTION{2005:ruggeri,
  author = {Ruggeri, F. and R\'{\i}os Insua, D. and Mart\'{\i}n, J.},
  title = {Robust {B}ayesian Analysis},
  booktitle = {Handbook of Statistics. Bayesian Thinking: Modeling and Computation},
  publisher = {Elsevier},
  year = {2005},
  editor = {D. Dey and C. Rao},
  volume = {25},
  pages = {623 - 667},
  doi = {10.1016/S0169-7161(05)25021-6},
  issn = {0169-7161}
}

@ARTICLE{1994:berger,
  author = {Berger, J. and Moreno, E. and Pericchi, L. and Bayarri, M. and Bernardo,
	J. M. and Cano, J. and De la Horra, J. and Mart{\'\i}n, J. and R{\'\i}os Ins{\'u}a,
	D. and Betr{\`o}, B. and Dasgupta, A. and Gustafson, P. and Wasserman,
	L. and Kadane, J. and Srinivasan, C. and Lavine, M. and O'Hagan,
	A. and Polasek, W. and Robert, C. and Goutis, C. and Ruggeri, F.
	and Salinetti, G. and Sivaganesan, S.},
  title = {An overview of robust {B}ayesian analysis},
  journal = {TEST},
  year = {1994},
  volume = {3},
  pages = {5--124},
  keywords = {defensefurther},
}

@incollection{2000:bergerinsuaruggeri,
    Author = {Berger, J. and  R\'{\i}os Insua, D. and Ruggeri, F.},
    Booktitle = {{Robust {B}ayesian Analysis}},
    Editor = {R\'{\i}os Insua, D. and Ruggeri, F.},
    Pages = {1-31},
    Publisher = {Springer},
    Address = {Berlin},
    Title = {{B}ayesian Robustness},
    Year = {2000}}

@ARTICLE{1991:pericchi,
  author = {Pericchi, L. and Walley, P.},
  title = {Robust {B}ayesian credible intervals and prior ignorance},
  journal = {International Statistical Review},
  year = {1991},
  volume = {59},
  pages = {1--23}
}

@incollection{2012:survsign,
year={2012},
isbn={978-3-642-30661-7},
booktitle={Complex Systems and Dependability},
volume={170},
series={Advances in Intelligent and Soft Computing},
editor={Zamojski, Wojciech and Mazurkiewicz, Jacek and Sugier, Jarosław and Walkowiak, Tomasz and Kacprzyk, Janusz},
doi={10.1007/978-3-642-30662-4_8},
title={Generalizing the Signature to Systems with Multiple Types of Components},
url={http://dx.doi.org/10.1007/978-3-642-30662-4_8},
publisher={Springer Berlin Heidelberg},
author={Coolen, Frank P.A. and Coolen-Maturi, Tahani},
pages={115-130},
language={English}
}

﻿@article {2014:bayessurvsign,
author = {Aslett, Louis J. M. and Coolen, Frank P. A. and Wilson, Simon P.},
title = {Bayesian Inference for Reliability of Systems and Networks Using the Survival Signature},
journal = {Risk Analysis},
issn = {1539-6924},
url = {http://dx.doi.org/10.1111/risa.12228},
doi = {10.1111/risa.12228},
pages = {***--***},
keywords = {Bayesian methods, networks, nonparametrics, parametric lifetime distributions, system reliability},
year = {2014},
}
